@ARTICLE{Tonga,
    author = {Speidel, Ulrich},
    title = {The Hunga Tonga Hunga Ha'apai Eruption - A Postmortem: What happened to Tonga's Internet in January 2022, and what lessons are there to be learned?},
    year = {2022},
    isbn = {9781450399814},
    publisher = {Association for Computing Machinery},
    address = {New York, NY, USA},
    url = {https://doi.org/10.1145/3570748.3570759},
    doi = {10.1145/3570748.3570759},
    booktitle = {Proceedings of the 17th Asian Internet Engineering Conference},
    keywords = {subsea cables, satellites, disaster networking, Tonga},
    location = {Hiroshima, Japan},
    series = {AINTEC '22}
    }

@ARTICLE{Post-DisasterEmergencyCommunicationSystems,
  author={G.C., Deepak and Ladas, Alexandros and Sambo, Yusuf Abdulrahman and Pervaiz, Haris and Politis, Christos and Imran, Muhammad Ali},
  journal={IEEE Wireless Communications}, 
  title={An Overview of Post-Disaster Emergency Communication Systems in the Future Networks}, 
  year={2019},
  volume={26},
  number={6},
  pages={132-139},
  doi={10.1109/MWC.2019.1800467}}


